@inproceedings{martinbrualla2020nerfw,
    author = {Martin-Brualla, Ricardo
        and Radwan, Noha
        and Sajjadi, Mehdi S. M.
        and Barron, Jonathan T.
        and Dosovitskiy, Alexey
        and Duckworth, Daniel},
    title = {{NeRF in the Wild: Neural Radiance Fields for
        Unconstrained Photo Collections}},
    booktitle = {CVPR},
    year={2021}
}
            
@misc{mildenhall2020nerf,
    doi = {10.48550/ARXIV.2003.08934},
    url = {https://arxiv.org/abs/2003.08934},
    author = {Mildenhall, Ben and Srinivasan, Pratul P. and Tancik, Matthew and Barron, Jonathan T. and Ramamoorthi, Ravi and Ng, Ren},
    title = {NeRF: Representing Scenes as Neural Radiance Fields for View Synthesis},
    publisher = {arXiv},
    year = {2020},
    copyright = {arXiv.org perpetual, non-exclusive license}
}

@article{barron2021mipnerf,
    title={Mip-NeRF: A Multiscale Representation 
           for Anti-Aliasing Neural Radiance Fields},
    author={Jonathan T. Barron and Ben Mildenhall and 
            Matthew Tancik and Peter Hedman and 
            Ricardo Martin-Brualla and Pratul P. Srinivasan},
    journal={ICCV},
    year={2021}
}
